% BibTeX database for the paper ExtendedAbstract.tex

%%%%%%%%%%%%%%%%%%%%%%%%%%%%%%%%%%%%%%%%%%%%%%%%%%%%%%%%%%
% TEMPLATES
%%%%%%%%%%%%%%%%%%%%%%%%%%%%%%%%%%%%%%%%%%%%%%%%%%%%%%%%%%

%%%%% An article from a journal or magazine.
%
%article{
%  % Required fields:
%  author  = {},
%  title   = {},
%  journal = {},
%  year    = {},
%  % Optional fields:
%  volume  = {},
%  number  = {},
%  pages   = {},
%  month   = {},
%  note    = {}
%}
%
%%%%% A book with an explicit publisher.
%
%book{
%  % Required fields:
%  author    = {}, % or editor
%  editor    = {},
%  title     = {},
%  publisher = {},
%  year      = {},
%  % Optional fields:
%  volume    = {},
%  number    = {},
%  series    = {},
%  address   = {},
%  edition   = {},
%  month     = {},
%  note      = {}
%}
%
%%%%% A work that is printed and bound, but without a named publisher or sponsoring institution.
%
%booklet{
%  % Required field:
%  title        = {},
%  % Optional fields:
%  author       = {},
%  howpublished = {},
%  address      = {},
%  month        = {},
%  year         = {},
%  note         = {}
%}
%
%%%%% The same as INPROCEEDINGS}, included for Scribe compatibility.
%
%conference{
%}
%
%%%%% A part of a book, which may be a chapter (or section or whatever) and/or a range of pages.
%
%inbook{
%  % Required fields:
%  author    = {}, % or editor
%  editor    = {},
%  title     = {},
%  chapter   = {}, % and/or pages
%  pages     = {},
%  publisher = {},
%  year      = {},
%  % Optional fields:
%  volume    = {}, % or number
%  number    = {},
%  series    = {},
%  type      = {},
%  address   = {},
%  edition   = {},
%  month     = {},
%  note      = {}
%}
%
%%%%% A part of a book having its own title.
%
%incollection{
%  % Required fields:
%  author    = {},
%  title     = {},
%  booktitle = {},
%  publisher = {},
%  year      = {},
%  % Optional fields:
%  editor    = {},
%  volume    = {}, % or number
%  number    = {},
%  series    = {},
%  type      = {},
%  chapter   = {},
%  pages     = {},
%  address   = {},
%  edition   = {},
%  month     = {},
%  note      = {}
%}
%
%%%%% An article in a conference proceedings.
%
%inproceedings{
%  % Required fields:
%  author       = {},
%  title        = {},
%  booktitle    = {},
%  year         = {},
%  % Optional fields:
%  editor       = {},
%  volume       = {}, % or number
%  number       = {},
%  series       = {},
%  pages        = {},
%  address      = {},
%  month        = {},
%  organization = {},
%  publisher    = {},
%  note         = {}
%}
%
%%%%% Technical documentation.
%
%manual{
%  % Required field:
%  title        = {},
%  % Optional fields:
%  author       = {},
%  organization = {},
%  address      = {},
%  edition      = {},
%  month        = {},
%  year         = {},
%  note         = {}
%}
%
%%%%% A Master's thesis.
%
%mastersthesis{
%  % Required fields:
%  author  = {},
%  title   = {},
%  school  = {},
%  year    = {},
%  % Optional fields:
%  type    = {},
%  address = {},
%  month   = {},
%  note    = {}
%}
%
%%%%% Use this type when nothing else fits.
%
%misc{
%  % Required fields: none.
%  % Optional fields:
%  author       = {},
%  title        = {},
%  howpublished = {},
%  month        = {},
%  year         = {},
%  note         = {}
%}
%
%%%%% A PhD thesis.
%
%phdthesis{
%  % Required fields:
%  author  = {},
%  title   = {},
%  school  = {},
%  year    = {},
%  % Optional fields:
%  type    = {},
%  address = {},
%  month   = {},
%  note    = {}
%}
%
%%%%% The proceedings of a conference.
%
%proceedings{
%  % Required fields:
%  title        = {},
%  year         = {},
%  % Optional fields:
%  editor       = {},
%  volume       = {}, % or number
%  number       = {},
%  series       = {},
%  address      = {},
%  month        = {},
%  organization = {},
%  publisher    = {},
%  note         = {},
%}
%
%%%%% A report published by a school or other institution, usually numbered within a series.
%
%techreport{
%  % Required fields:
%  author      = {},
%  title       = {},
%  institution = {},
%  year        = {},
%  % Optional fields:
%  type        = {},
%  number      = {},
%  address     = {},
%  month       = {},
%  note        = {}
%}
%
%%%%% A document having an author and title, but not formally published.
%
%unpublished{
%  % Required fields:
%  author = {},
%  title  = {},
%  note   = {},
%  % Optional fields:
%  month  = {},
%  year   = {}
%}

%%%%%%%%%%%%%%%%%%%%%%%%%%%%%%%%%%%%%%%%%%%%%%%%%%%%%%%%%%
% References
%%%%%%%%%%%%%%%%%%%%%%%%%%%%%%%%%%%%%%%%%%%%%%%%%%%%%%%%%%

@book{nocedal:opt,
  author    = {Jorge Nocedal and Stephen J. Wright},
  title     = {Numerical optimization},
  publisher = {Springer},
  year      = 1999
}

@article{baltagi1995,
  title = {Airline {{Deregulation}}: {{The Cost Pieces}} of the {{Puzzle}}},
  shorttitle = {Airline {{Deregulation}}},
  author = {Baltagi, Badi H. and Griffin, James M. and Rich, Daniel P.},
  date = {1995},
  journaltitle = {International Economic Review},
  volume = {36},
  number = {1},
  eprint = {2527435},
  eprinttype = {jstor},
  pages = {245--258},
  publisher = {{[Economics Department of the University of Pennsylvania, Wiley, Institute of Social and Economic Research, Osaka University]}},
  issn = {0020-6598},
  doi = {10.2307/2527435}
}
@online{worldevolution,
  title = {World Air Passenger Traffic Evolution, 1970-2020 -- {{Charts}} -- {{Data}} \& {{Statistics}}},
  url = {https://data.worldbank.org/indicator/IS.AIR.PSGR?end=2019&locations=1W&start=1970},
  urldate = {2025-10-14},
  langid = {british},
  year = {2025},
  author = {{World Bank Data}}}

  @online{sharelcc,
  title = {EUROCONTROL Data Snapshot on the rise of Low Cost Carriers in Europe},
  url = {https://www.eurocontrol.int/publication/eurocontrol-data-snapshot-34-rise-low-cost-carriers-europe},
  urldate = {2025-10-14},
  year = {2025},
  author = {Eurocontrol}}

  @article{jimenez2020,
  title = {Reinterpreting the Role of Primary and Secondary Airports in Low-Cost Carrier Expansion in {{Europe}}},
  author = {Jimenez, Edgar and Suau-Sanchez, Pere},
  date = {2020-10-01},
  journaltitle = {Journal of Transport Geography},
  shortjournal = {Journal of Transport Geography},
  volume = {88},
  pages = {102847},
  issn = {0966-6923},
  doi = {10.1016/j.jtrangeo.2020.102847},
  keywords = {Airline airport choice,Airport dynamics,Low cost airport,Low cost carrier}
}
@book{charnes1994,
  title = {Data {{Envelopment Analysis}}: {{Theory}}, {{Methodology}}, and {{Applications}}},
  shorttitle = {Data {{Envelopment Analysis}}},
  author = {Charnes, Abraham and Cooper, William W. and Lewin, Arie Y. and Seiford, Lawrence M.},
  date = {1994},
  publisher = {Springer Netherlands},
  location = {Dordrecht},
  doi = {10.1007/978-94-011-0637-5},
  isbn = {978-0-7923-9480-8 978-94-011-0637-5},
  langid = {english}
}
@article{banker1984,
  title = {Some {{Models}} for {{Estimating Technical}} and {{Scale Inefficiencies}} in {{Data Envelopment Analysis}}},
  author = {Banker, R. D. and Charnes, A. and Cooper, W. W.},
  date = {1984},
  journaltitle = {Management Science},
  volume = {30},
  number = {9},
  eprint = {2631725},
  eprinttype = {jstor},
  pages = {1078--1092},
  publisher = {INFORMS},
  issn = {0025-1909},
  url = {https://www.jstor.org/stable/2631725},
  urldate = {2025-06-12}
}
@book{bogetoft2011,
  title = {Benchmarking with {{DEA}}, {{SFA}}, and {{R}}},
  author = {Bogetoft, Peter and Otto, Lars},
  date = {2011},
  series = {International {{Series}} in {{Operations Research}} \& {{Management Science}}},
  volume = {157},
  publisher = {Springer New York},
  location = {New York, NY},
  doi = {10.1007/978-1-4419-7961-2},
  isbn = {978-1-4419-7960-5 978-1-4419-7961-2},
  langid = {english}
}
@book{coelli2005,
  title = {An Introduction to Efficiency and Productivity Analysis},
  editor = {Coelli, Tim},
  date = {2005},
  edition = {2. ed},
  publisher = {Springer},
  location = {New York},
  isbn = {978-0-387-24265-1},
  langid = {english},
  pagetotal = {349}
}

@book{huguenin2012,
  title = {Data {{Envelopment Analysis}} ({{DEA}}) a Pedagogical Guide for Decision Makers in the Public Sector},
  author = {Huguenin, Jean-Marc},
  nameatype = {collaborator},
  date = {2012},
  publisher = {IDHEAP},
  location = {Lausanne},
  isbn = {978-2-940390-54-0},
  langid = {english},
  annotation = {OCLC: 820617470}
}

@article{simar2007,
  title = {Estimation and Inference in Two-Stage, Semi-Parametric Models of Production Processes},
  author = {Simar, L\'eopold and Wilson, Paul W.},
  date = {2007-01},
  journaltitle = {Journal of Econometrics},
  shortjournal = {Journal of Econometrics},
  volume = {136},
  number = {1},
  pages = {31--64},
  issn = {03044076},
  doi = {10.1016/j.jeconom.2005.07.009},
  langid = {english}
}

@article{caves1982,
  title = {The {{Economic Theory}} of {{Index Numbers}} and the {{Measurement}} of {{Input}}, {{Output}}, and {{Productivity}}},
  author = {Caves, Douglas W. and Christensen, Laurits R. and Diewert, W. Erwin},
  date = {1982},
  journaltitle = {Econometrica},
  volume = {50},
  number = {6},
  eprint = {1913388},
  eprinttype = {jstor},
  pages = {1393--1414},
  publisher = {[Wiley, Econometric Society]},
  issn = {0012-9682},
  doi = {10.2307/1913388}
}

@article{fare1994,
  title = {Productivity {{Growth}}, {{Technical Progress}}, and {{Efficiency Change}} in {{Industrialized Countries}}},
  author = {F\"are, Rolf and Grosskopf, Shawna and Norris, Mary and Zhang, Zhongyang},
  date = {1994},
  journaltitle = {The American Economic Review},
  volume = {84},
  number = {1},
  eprint = {2117971},
  eprinttype = {jstor},
  pages = {66--83},
  publisher = {American Economic Association},
  issn = {0002-8282},
  url = {https://www.jstor.org/stable/2117971},
  urldate = {2025-08-18}
}

@article{ripoll-zarraga2020,
  title = {Exploring the Reasons for Efficiency in {{Spanish}} Airports},
  author = {Ripoll-Zarraga, Ane Elixabete and Mar-Molinero, Cecilio},
  date = {2020-12},
  journaltitle = {Transport Policy},
  shortjournal = {Transport Policy},
  volume = {99},
  pages = {186--202},
  issn = {0967070X},
  doi = {10.1016/j.tranpol.2020.08.021},
  langid = {english}
}

@article{nerja2021,
  title = {An Efficiency Analysis of {{Spanish}} Airports},
  author = {Nerja, Adrian},
  date = {2021},
  journaltitle = {International journal of transport economics},
  number = {1},
  issn = {17242185},
  doi = {10.19272/202106701002},
  langid = {english}
}
@article{martin2001,
  title = {An Application of {{DEA}} to Measure the Efficiency of {{Spanish}} Airports Prior to Privatization},
  author = {Mart\'in, Juan Carlos and Rom\'an, Concepci\'on},
  date = {2001-05-01},
  journaltitle = {Journal of Air Transport Management},
  shortjournal = {Journal of Air Transport Management},
  volume = {7},
  number = {3},
  pages = {149--157},
  issn = {0969-6997},
  doi = {10.1016/S0969-6997(00)00044-2}
}